@inproceedings{zagal2019ultimate,
	author = {Zagal, Jos{\'e} P and Debus, Michael S and Cardona-Rivera, Rogelio E},
	booktitle = {Proceedings of the 13th International Philosophy of Computer Games Conference},
	pages = {1--11},
	title = {On the ultimate goals of games: Winning, finishing, and prolonging},
	volume = {11},
	year = {2019}}

@article{wee2019gamification,
  title={Gamification: Predicting the effectiveness of variety game design elements to intrinsically motivate users' energy conservation behaviour},
  author={Wee, Siaw-Chui and Choong, Weng-Wai},
  journal={Journal of environmental management},
  volume={233},
  pages={97--106},
  year={2019},
  publisher={Elsevier}
}

@book{zubek2020elements,
  title={Elements of game design},
  author={Zubek, Robert},
  year={2020},
  publisher={MIT Press}
}

@book{zubek2020,
  title     = "Elements of Game Design",
  author    = "Zubek, Robert",
  year      = 2020,
  publisher = "The MIT Press",
  address   = "Cambridge-London"
}